%YAML 1.1
%TAG !u! tag:unity3d.com,2011:
--- !u!1 &654019618135860685
GameObject:
  m_ObjectHideFlags: 0
  m_CorrespondingSourceObject: {fileID: 0}
  m_PrefabInstance: {fileID: 0}
  m_PrefabAsset: {fileID: 0}
  serializedVersion: 6
  m_Component:
  - component: {fileID: 654019618135860679}
  - component: {fileID: 654019618135860680}
  - component: {fileID: 7794905699375618200}
  - component: {fileID: 654019618135860681}
  - component: {fileID: 654019618135860683}
  - component: {fileID: 654019618135860684}
  - component: {fileID: 6099803201904231266}
  m_Layer: 0
  m_Name: EnemyCrab
  m_TagString: Enemy
  m_Icon: {fileID: 0}
  m_NavMeshLayer: 0
  m_StaticEditorFlags: 0
  m_IsActive: 1
--- !u!4 &654019618135860679
Transform:
  m_ObjectHideFlags: 0
  m_CorrespondingSourceObject: {fileID: 0}
  m_PrefabInstance: {fileID: 0}
  m_PrefabAsset: {fileID: 0}
  m_GameObject: {fileID: 654019618135860685}
  m_LocalRotation: {x: 0, y: 0, z: 0, w: 1}
  m_LocalPosition: {x: 4.29, y: -0.25, z: 0}
  m_LocalScale: {x: 5.2700214, y: 6.201058, z: 2.7654}
  m_Children: []
  m_Father: {fileID: 0}
  m_RootOrder: 0
  m_LocalEulerAnglesHint: {x: 0, y: 0, z: 0}
--- !u!212 &654019618135860680
SpriteRenderer:
  m_ObjectHideFlags: 0
  m_CorrespondingSourceObject: {fileID: 0}
  m_PrefabInstance: {fileID: 0}
  m_PrefabAsset: {fileID: 0}
  m_GameObject: {fileID: 654019618135860685}
  m_Enabled: 1
  m_CastShadows: 0
  m_ReceiveShadows: 0
  m_DynamicOccludee: 1
  m_MotionVectors: 1
  m_LightProbeUsage: 1
  m_ReflectionProbeUsage: 1
  m_RayTracingMode: 0
  m_RayTraceProcedural: 0
  m_RenderingLayerMask: 1
  m_RendererPriority: 0
  m_Materials:
  - {fileID: 10754, guid: 0000000000000000f000000000000000, type: 0}
  m_StaticBatchInfo:
    firstSubMesh: 0
    subMeshCount: 0
  m_StaticBatchRoot: {fileID: 0}
  m_ProbeAnchor: {fileID: 0}
  m_LightProbeVolumeOverride: {fileID: 0}
  m_ScaleInLightmap: 1
  m_ReceiveGI: 1
  m_PreserveUVs: 0
  m_IgnoreNormalsForChartDetection: 0
  m_ImportantGI: 0
  m_StitchLightmapSeams: 1
  m_SelectedEditorRenderState: 0
  m_MinimumChartSize: 4
  m_AutoUVMaxDistance: 0.5
  m_AutoUVMaxAngle: 89
  m_LightmapParameters: {fileID: 0}
  m_SortingLayerID: 0
  m_SortingLayer: 0
  m_SortingOrder: 0
  m_Sprite: {fileID: 21300000, guid: 92dc5fd35ad07452cbb4501123046b43, type: 3}
  m_Color: {r: 0.9716981, g: 0.9716981, b: 0.9716981, a: 1}
  m_FlipX: 0
  m_FlipY: 0
  m_DrawMode: 0
  m_Size: {x: 1, y: 1}
  m_AdaptiveModeThreshold: 0.5
  m_SpriteTileMode: 0
  m_WasSpriteAssigned: 1
  m_MaskInteraction: 0
  m_SpriteSortPoint: 0
--- !u!114 &7794905699375618200
MonoBehaviour:
  m_ObjectHideFlags: 0
  m_CorrespondingSourceObject: {fileID: 0}
  m_PrefabInstance: {fileID: 0}
  m_PrefabAsset: {fileID: 0}
  m_GameObject: {fileID: 654019618135860685}
  m_Enabled: 1
  m_EditorHideFlags: 0
  m_Script: {fileID: 11500000, guid: 8c081c187c6b46e4c8e2df82fbf591ad, type: 3}
  m_Name: 
  m_EditorClassIdentifier: 
  healthEnemy: 3
  healthBarPlayer: {fileID: 927874534015906988, guid: 654749b9a026dae4c97e7d6a90bbedde, type: 3}
  DieParticle: {fileID: 2710157347096001391, guid: 7595f2e1eed8eba4e81670deb8477519, type: 3}
  gold: {fileID: 2660322073915555953, guid: a31283f0135cc904d9f146da763e0574, type: 3}
  PlayerMovement: {fileID: 485415177363936851, guid: 3699ca9101cc03346a33e98e2790b9a1, type: 3}
  player: {fileID: 485415177363936848, guid: 3699ca9101cc03346a33e98e2790b9a1, type: 3}
  speed: 1
  rangExplosio: {fileID: 0}
  playerOnRange: 0
  Exploiting: 0
--- !u!60 &654019618135860681
PolygonCollider2D:
  m_ObjectHideFlags: 0
  m_CorrespondingSourceObject: {fileID: 0}
  m_PrefabInstance: {fileID: 0}
  m_PrefabAsset: {fileID: 0}
  m_GameObject: {fileID: 654019618135860685}
  m_Enabled: 1
  m_Density: 1
  m_Material: {fileID: 0}
  m_IsTrigger: 0
  m_UsedByEffector: 0
  m_UsedByComposite: 0
  m_Offset: {x: 0, y: 0}
  m_SpriteTilingProperty:
    border: {x: 0, y: 0, z: 0, w: 0}
    pivot: {x: 0.5, y: 0.5}
    oldSize: {x: 0.48, y: 0.32}
    newSize: {x: 1, y: 1}
    adaptiveTilingThreshold: 0.5
    drawMode: 0
    adaptiveTiling: 0
  m_AutoTiling: 0
  m_Points:
    m_Paths:
    - - {x: 0.053555194, y: 0.08221726}
      - {x: 0.004610344, y: 0.099503964}
      - {x: -0.0061971885, y: 0.1212723}
      - {x: -0.026148414, y: 0.10456874}
      - {x: -0.06332679, y: 0.100913346}
      - {x: -0.07496504, y: 0.0855464}
      - {x: -0.09973979, y: 0.0794991}
      - {x: -0.104236804, y: 0.06069849}
      - {x: -0.10401991, y: 0.033250708}
      - {x: -0.10863956, y: 0.0067171715}
      - {x: -0.116756625, y: -0.03987603}
      - {x: -0.1087393, y: -0.046710927}
      - {x: -0.12414023, y: -0.053617083}
      - {x: -0.15279871, y: -0.087482445}
      - {x: -0.14889474, y: -0.1384893}
      - {x: -0.12245339, y: -0.1506574}
      - {x: -0.096532576, y: -0.14418934}
      - {x: -0.076865114, y: -0.1307665}
      - {x: -0.029795475, y: -0.13615346}
      - {x: -0.004843819, y: -0.14916998}
      - {x: 0.026807275, y: -0.15611589}
      - {x: 0.05842137, y: -0.12391628}
      - {x: 0.08019619, y: -0.12590587}
      - {x: 0.09670584, y: -0.107017145}
      - {x: 0.11439788, y: -0.1329649}
      - {x: 0.117941946, y: -0.14203525}
      - {x: 0.13186769, y: -0.14394806}
      - {x: 0.14337875, y: -0.116789594}
      - {x: 0.13951622, y: -0.056371074}
      - {x: 0.11635474, y: -0.036131874}
      - {x: 0.08922562, y: -0.048456356}
      - {x: 0.070671335, y: -0.064948805}
      - {x: 0.07081627, y: -0.044512574}
      - {x: 0.0833267, y: -0.019954208}
      - {x: 0.07327926, y: 0.079834186}
--- !u!95 &654019618135860683
Animator:
  serializedVersion: 3
  m_ObjectHideFlags: 0
  m_CorrespondingSourceObject: {fileID: 0}
  m_PrefabInstance: {fileID: 0}
  m_PrefabAsset: {fileID: 0}
  m_GameObject: {fileID: 654019618135860685}
  m_Enabled: 1
  m_Avatar: {fileID: 0}
  m_Controller: {fileID: 9100000, guid: ce9550cecc5d4e44eb62600de4fef206, type: 2}
  m_CullingMode: 0
  m_UpdateMode: 0
  m_ApplyRootMotion: 0
  m_LinearVelocityBlending: 0
  m_WarningMessage: 
  m_HasTransformHierarchy: 1
  m_AllowConstantClipSamplingOptimization: 1
  m_KeepAnimatorControllerStateOnDisable: 0
--- !u!50 &654019618135860684
Rigidbody2D:
  serializedVersion: 4
  m_ObjectHideFlags: 0
  m_CorrespondingSourceObject: {fileID: 0}
  m_PrefabInstance: {fileID: 0}
  m_PrefabAsset: {fileID: 0}
  m_GameObject: {fileID: 654019618135860685}
  m_BodyType: 0
  m_Simulated: 1
  m_UseFullKinematicContacts: 0
  m_UseAutoMass: 0
  m_Mass: 1000
  m_LinearDrag: 0
  m_AngularDrag: 0.05
  m_GravityScale: 0
  m_Material: {fileID: 0}
  m_Interpolate: 2
  m_SleepingMode: 1
  m_CollisionDetection: 1
  m_Constraints: 4
--- !u!58 &6099803201904231266
CircleCollider2D:
  m_ObjectHideFlags: 0
  m_CorrespondingSourceObject: {fileID: 0}
  m_PrefabInstance: {fileID: 0}
  m_PrefabAsset: {fileID: 0}
  m_GameObject: {fileID: 654019618135860685}
  m_Enabled: 0
  m_Density: 1
  m_Material: {fileID: 0}
  m_IsTrigger: 1
  m_UsedByEffector: 0
  m_UsedByComposite: 0
  m_Offset: {x: 0, y: 0}
  serializedVersion: 2
  m_Radius: 0.29
