%YAML 1.1
%TAG !u! tag:unity3d.com,2011:
--- !u!29 &1
OcclusionCullingSettings:
  m_ObjectHideFlags: 0
  serializedVersion: 2
  m_OcclusionBakeSettings:
    smallestOccluder: 5
    smallestHole: 0.25
    backfaceThreshold: 100
  m_SceneGUID: 00000000000000000000000000000000
  m_OcclusionCullingData: {fileID: 0}
--- !u!104 &2
RenderSettings:
  m_ObjectHideFlags: 0
  serializedVersion: 9
  m_Fog: 0
  m_FogColor: {r: 0.5, g: 0.5, b: 0.5, a: 1}
  m_FogMode: 3
  m_FogDensity: 0.01
  m_LinearFogStart: 0
  m_LinearFogEnd: 300
  m_AmbientSkyColor: {r: 0.212, g: 0.227, b: 0.259, a: 1}
  m_AmbientEquatorColor: {r: 0.114, g: 0.125, b: 0.133, a: 1}
  m_AmbientGroundColor: {r: 0.047, g: 0.043, b: 0.035, a: 1}
  m_AmbientIntensity: 1
  m_AmbientMode: 3
  m_SubtractiveShadowColor: {r: 0.42, g: 0.478, b: 0.627, a: 1}
  m_SkyboxMaterial: {fileID: 0}
  m_HaloStrength: 0.5
  m_FlareStrength: 1
  m_FlareFadeSpeed: 3
  m_HaloTexture: {fileID: 0}
  m_SpotCookie: {fileID: 10001, guid: 0000000000000000e000000000000000, type: 0}
  m_DefaultReflectionMode: 0
  m_DefaultReflectionResolution: 128
  m_ReflectionBounces: 1
  m_ReflectionIntensity: 1
  m_CustomReflection: {fileID: 0}
  m_Sun: {fileID: 0}
  m_IndirectSpecularColor: {r: 0, g: 0, b: 0, a: 1}
  m_UseRadianceAmbientProbe: 0
--- !u!157 &3
LightmapSettings:
  m_ObjectHideFlags: 0
  serializedVersion: 12
  m_GIWorkflowMode: 1
  m_GISettings:
    serializedVersion: 2
    m_BounceScale: 1
    m_IndirectOutputScale: 1
    m_AlbedoBoost: 1
    m_EnvironmentLightingMode: 0
    m_EnableBakedLightmaps: 0
    m_EnableRealtimeLightmaps: 0
  m_LightmapEditorSettings:
    serializedVersion: 12
    m_Resolution: 2
    m_BakeResolution: 40
    m_AtlasSize: 1024
    m_AO: 0
    m_AOMaxDistance: 1
    m_CompAOExponent: 1
    m_CompAOExponentDirect: 0
    m_ExtractAmbientOcclusion: 0
    m_Padding: 2
    m_LightmapParameters: {fileID: 0}
    m_LightmapsBakeMode: 1
    m_TextureCompression: 1
    m_FinalGather: 0
    m_FinalGatherFiltering: 1
    m_FinalGatherRayCount: 256
    m_ReflectionCompression: 2
    m_MixedBakeMode: 2
    m_BakeBackend: 0
    m_PVRSampling: 1
    m_PVRDirectSampleCount: 32
    m_PVRSampleCount: 500
    m_PVRBounces: 2
    m_PVREnvironmentSampleCount: 500
    m_PVREnvironmentReferencePointCount: 2048
    m_PVRFilteringMode: 2
    m_PVRDenoiserTypeDirect: 0
    m_PVRDenoiserTypeIndirect: 0
    m_PVRDenoiserTypeAO: 0
    m_PVRFilterTypeDirect: 0
    m_PVRFilterTypeIndirect: 0
    m_PVRFilterTypeAO: 0
    m_PVREnvironmentMIS: 0
    m_PVRCulling: 1
    m_PVRFilteringGaussRadiusDirect: 1
    m_PVRFilteringGaussRadiusIndirect: 5
    m_PVRFilteringGaussRadiusAO: 2
    m_PVRFilteringAtrousPositionSigmaDirect: 0.5
    m_PVRFilteringAtrousPositionSigmaIndirect: 2
    m_PVRFilteringAtrousPositionSigmaAO: 1
    m_ExportTrainingData: 0
    m_TrainingDataDestination: TrainingData
    m_LightProbeSampleCountMultiplier: 4
  m_LightingDataAsset: {fileID: 0}
  m_LightingSettings: {fileID: 0}
--- !u!196 &4
NavMeshSettings:
  serializedVersion: 2
  m_ObjectHideFlags: 0
  m_BuildSettings:
    serializedVersion: 2
    agentTypeID: 0
    agentRadius: 0.5
    agentHeight: 2
    agentSlope: 45
    agentClimb: 0.4
    ledgeDropHeight: 0
    maxJumpAcrossDistance: 0
    minRegionArea: 2
    manualCellSize: 0
    cellSize: 0.16666667
    manualTileSize: 0
    tileSize: 256
    accuratePlacement: 0
    maxJobWorkers: 0
    preserveTilesOutsideBounds: 0
    debug:
      m_Flags: 0
  m_NavMeshData: {fileID: 0}
--- !u!1 &15471025 stripped
GameObject:
  m_CorrespondingSourceObject: {fileID: 2566816405561397967, guid: fefadd82a28c1bb4c96f887c23fdc300, type: 3}
  m_PrefabInstance: {fileID: 1063332023}
  m_PrefabAsset: {fileID: 0}
--- !u!4 &15471026 stripped
Transform:
  m_CorrespondingSourceObject: {fileID: 2566816405561397968, guid: fefadd82a28c1bb4c96f887c23fdc300, type: 3}
  m_PrefabInstance: {fileID: 1063332023}
  m_PrefabAsset: {fileID: 0}
--- !u!114 &121673083 stripped
MonoBehaviour:
  m_CorrespondingSourceObject: {fileID: 4686530386190481872, guid: a8a4abbc3ed8cd746ba38584428f2c62, type: 3}
  m_PrefabInstance: {fileID: 1619452549}
  m_PrefabAsset: {fileID: 0}
  m_GameObject: {fileID: 0}
  m_Enabled: 1
  m_EditorHideFlags: 0
  m_Script: {fileID: 11500000, guid: 5f7201a12d95ffc409449d95f23cf332, type: 3}
  m_Name: 
  m_EditorClassIdentifier: 
--- !u!1 &121845342
GameObject:
  m_ObjectHideFlags: 0
  m_CorrespondingSourceObject: {fileID: 0}
  m_PrefabInstance: {fileID: 0}
  m_PrefabAsset: {fileID: 0}
  serializedVersion: 6
  m_Component:
  - component: {fileID: 121845344}
  - component: {fileID: 121845343}
  m_Layer: 0
  m_Name: ControlMap
  m_TagString: Untagged
  m_Icon: {fileID: 0}
  m_NavMeshLayer: 0
  m_StaticEditorFlags: 0
  m_IsActive: 1
--- !u!114 &121845343
MonoBehaviour:
  m_ObjectHideFlags: 0
  m_CorrespondingSourceObject: {fileID: 0}
  m_PrefabInstance: {fileID: 0}
  m_PrefabAsset: {fileID: 0}
  m_GameObject: {fileID: 121845342}
  m_Enabled: 1
  m_EditorHideFlags: 0
  m_Script: {fileID: 11500000, guid: 4e3ce792d116dac459c287df29f43c03, type: 3}
  m_Name: 
  m_EditorClassIdentifier: 
  listMapas:
  - {fileID: 249709690}
  - {fileID: 15471025}
  - {fileID: 2566816405561397967, guid: f310c185c628a6c4f91ecbc5e97e96c0, type: 3}
  - {fileID: 654986941}
  - {fileID: 480983020}
  level: 0
  initPosition: {x: 0, y: 0, z: 0}
--- !u!4 &121845344
Transform:
  m_ObjectHideFlags: 0
  m_CorrespondingSourceObject: {fileID: 0}
  m_PrefabInstance: {fileID: 0}
  m_PrefabAsset: {fileID: 0}
  m_GameObject: {fileID: 121845342}
  m_LocalRotation: {x: 0, y: 0, z: 0, w: 1}
  m_LocalPosition: {x: -5.730596, y: -2.073954, z: -2.5437036}
  m_LocalScale: {x: 1, y: 1, z: 1}
  m_Children:
  - {fileID: 249709693}
  - {fileID: 15471026}
  - {fileID: 984884730}
  - {fileID: 654986944}
  - {fileID: 480983023}
  m_Father: {fileID: 0}
  m_RootOrder: 3
  m_LocalEulerAnglesHint: {x: 0, y: 0, z: 0}
--- !u!1 &176632840 stripped
GameObject:
  m_CorrespondingSourceObject: {fileID: 189667437525348967, guid: a8a4abbc3ed8cd746ba38584428f2c62, type: 3}
  m_PrefabInstance: {fileID: 1619452549}
  m_PrefabAsset: {fileID: 0}
--- !u!114 &176632842 stripped
MonoBehaviour:
  m_CorrespondingSourceObject: {fileID: 8001596729954100518, guid: a8a4abbc3ed8cd746ba38584428f2c62, type: 3}
  m_PrefabInstance: {fileID: 1619452549}
  m_PrefabAsset: {fileID: 0}
  m_GameObject: {fileID: 176632840}
  m_Enabled: 1
  m_EditorHideFlags: 0
  m_Script: {fileID: 11500000, guid: 4e29b1a8efbd4b44bb3f3716e73f07ff, type: 3}
  m_Name: 
  m_EditorClassIdentifier: 
--- !u!114 &176632844
MonoBehaviour:
  m_ObjectHideFlags: 0
  m_CorrespondingSourceObject: {fileID: 0}
  m_PrefabInstance: {fileID: 0}
  m_PrefabAsset: {fileID: 0}
  m_GameObject: {fileID: 176632840}
  m_Enabled: 1
  m_EditorHideFlags: 0
  m_Script: {fileID: 11500000, guid: fe87c0e1cc204ed48ad3b37840f39efc, type: 3}
  m_Name: 
  m_EditorClassIdentifier: 
  m_Material: {fileID: 0}
  m_Color: {r: 1, g: 1, b: 1, a: 0}
  m_RaycastTarget: 1
  m_RaycastPadding: {x: 0, y: 0, z: 0, w: 0}
  m_Maskable: 1
  m_OnCullStateChanged:
    m_PersistentCalls:
      m_Calls: []
  m_Sprite: {fileID: 0}
  m_Type: 0
  m_PreserveAspect: 0
  m_FillCenter: 1
  m_FillMethod: 4
  m_FillAmount: 1
  m_FillClockwise: 1
  m_FillOrigin: 0
  m_UseSpriteMesh: 0
  m_PixelsPerUnitMultiplier: 1
--- !u!1 &249709690 stripped
GameObject:
  m_CorrespondingSourceObject: {fileID: 2566816405561397967, guid: 143ce63bcc8227840b107d3416797f52, type: 3}
  m_PrefabInstance: {fileID: 1999993779}
  m_PrefabAsset: {fileID: 0}
--- !u!4 &249709693 stripped
Transform:
  m_CorrespondingSourceObject: {fileID: 2566816405561397968, guid: 143ce63bcc8227840b107d3416797f52, type: 3}
  m_PrefabInstance: {fileID: 1999993779}
  m_PrefabAsset: {fileID: 0}
--- !u!114 &343822380 stripped
MonoBehaviour:
  m_CorrespondingSourceObject: {fileID: 954713427813947586, guid: a8a4abbc3ed8cd746ba38584428f2c62, type: 3}
  m_PrefabInstance: {fileID: 1619452549}
  m_PrefabAsset: {fileID: 0}
  m_GameObject: {fileID: 0}
  m_Enabled: 1
  m_EditorHideFlags: 0
  m_Script: {fileID: 11500000, guid: 5f7201a12d95ffc409449d95f23cf332, type: 3}
  m_Name: 
  m_EditorClassIdentifier: 
--- !u!1 &415683350 stripped
GameObject:
  m_CorrespondingSourceObject: {fileID: 111104158143655686, guid: a8a4abbc3ed8cd746ba38584428f2c62, type: 3}
  m_PrefabInstance: {fileID: 1619452549}
  m_PrefabAsset: {fileID: 0}
--- !u!114 &415683352 stripped
MonoBehaviour:
  m_CorrespondingSourceObject: {fileID: 1371551323874855707, guid: a8a4abbc3ed8cd746ba38584428f2c62, type: 3}
  m_PrefabInstance: {fileID: 1619452549}
  m_PrefabAsset: {fileID: 0}
  m_GameObject: {fileID: 415683350}
  m_Enabled: 1
  m_EditorHideFlags: 0
  m_Script: {fileID: 11500000, guid: 4e29b1a8efbd4b44bb3f3716e73f07ff, type: 3}
  m_Name: 
  m_EditorClassIdentifier: 
--- !u!114 &415683354
MonoBehaviour:
  m_ObjectHideFlags: 0
  m_CorrespondingSourceObject: {fileID: 0}
  m_PrefabInstance: {fileID: 0}
  m_PrefabAsset: {fileID: 0}
  m_GameObject: {fileID: 415683350}
  m_Enabled: 1
  m_EditorHideFlags: 0
  m_Script: {fileID: 11500000, guid: fe87c0e1cc204ed48ad3b37840f39efc, type: 3}
  m_Name: 
  m_EditorClassIdentifier: 
  m_Material: {fileID: 0}
  m_Color: {r: 1, g: 1, b: 1, a: 0}
  m_RaycastTarget: 1
  m_RaycastPadding: {x: 0, y: 0, z: 0, w: 0}
  m_Maskable: 1
  m_OnCullStateChanged:
    m_PersistentCalls:
      m_Calls: []
  m_Sprite: {fileID: 0}
  m_Type: 0
  m_PreserveAspect: 0
  m_FillCenter: 1
  m_FillMethod: 4
  m_FillAmount: 1
  m_FillClockwise: 1
  m_FillOrigin: 0
  m_UseSpriteMesh: 0
  m_PixelsPerUnitMultiplier: 1
--- !u!1001 &450026082
PrefabInstance:
  m_ObjectHideFlags: 0
  serializedVersion: 2
  m_Modification:
    m_TransformParent: {fileID: 0}
    m_Modifications:
    - target: {fileID: 485415177363936848, guid: 3699ca9101cc03346a33e98e2790b9a1, type: 3}
      propertyPath: m_RootOrder
      value: 1
      objectReference: {fileID: 0}
    - target: {fileID: 485415177363936848, guid: 3699ca9101cc03346a33e98e2790b9a1, type: 3}
      propertyPath: m_LocalPosition.x
      value: -7.475
      objectReference: {fileID: 0}
    - target: {fileID: 485415177363936848, guid: 3699ca9101cc03346a33e98e2790b9a1, type: 3}
      propertyPath: m_LocalPosition.y
      value: -2.069
      objectReference: {fileID: 0}
    - target: {fileID: 485415177363936848, guid: 3699ca9101cc03346a33e98e2790b9a1, type: 3}
      propertyPath: m_LocalPosition.z
      value: 0
      objectReference: {fileID: 0}
    - target: {fileID: 485415177363936848, guid: 3699ca9101cc03346a33e98e2790b9a1, type: 3}
      propertyPath: m_LocalRotation.w
      value: 1
      objectReference: {fileID: 0}
    - target: {fileID: 485415177363936848, guid: 3699ca9101cc03346a33e98e2790b9a1, type: 3}
      propertyPath: m_LocalRotation.x
      value: 0
      objectReference: {fileID: 0}
    - target: {fileID: 485415177363936848, guid: 3699ca9101cc03346a33e98e2790b9a1, type: 3}
      propertyPath: m_LocalRotation.y
      value: 0
      objectReference: {fileID: 0}
    - target: {fileID: 485415177363936848, guid: 3699ca9101cc03346a33e98e2790b9a1, type: 3}
      propertyPath: m_LocalRotation.z
      value: 0
      objectReference: {fileID: 0}
    - target: {fileID: 485415177363936848, guid: 3699ca9101cc03346a33e98e2790b9a1, type: 3}
      propertyPath: m_LocalEulerAnglesHint.x
      value: 0
      objectReference: {fileID: 0}
    - target: {fileID: 485415177363936848, guid: 3699ca9101cc03346a33e98e2790b9a1, type: 3}
      propertyPath: m_LocalEulerAnglesHint.y
      value: 0
      objectReference: {fileID: 0}
    - target: {fileID: 485415177363936848, guid: 3699ca9101cc03346a33e98e2790b9a1, type: 3}
      propertyPath: m_LocalEulerAnglesHint.z
      value: 0
      objectReference: {fileID: 0}
    - target: {fileID: 485415177363936850, guid: 3699ca9101cc03346a33e98e2790b9a1, type: 3}
      propertyPath: m_Name
      value: Player
      objectReference: {fileID: 0}
    - target: {fileID: 485415177363936851, guid: 3699ca9101cc03346a33e98e2790b9a1, type: 3}
      propertyPath: cam
      value: 
      objectReference: {fileID: 519420031}
    - target: {fileID: 485415177363936851, guid: 3699ca9101cc03346a33e98e2790b9a1, type: 3}
      propertyPath: DashParticle
      value: 
      objectReference: {fileID: 6923503880615266839, guid: a121a40ce50a3c642ad5c98ebd4dd542, type: 3}
    - target: {fileID: 4989955618866695738, guid: 3699ca9101cc03346a33e98e2790b9a1, type: 3}
      propertyPath: Fill
      value: 
      objectReference: {fileID: 1332912593}
    - target: {fileID: 4989955618866695738, guid: 3699ca9101cc03346a33e98e2790b9a1, type: 3}
      propertyPath: Slider
      value: 
      objectReference: {fileID: 1619452552}
    - target: {fileID: 4989955618866695738, guid: 3699ca9101cc03346a33e98e2790b9a1, type: 3}
      propertyPath: UIShop
      value: 
      objectReference: {fileID: 1619452550}
    m_RemovedComponents: []
  m_SourcePrefab: {fileID: 100100000, guid: 3699ca9101cc03346a33e98e2790b9a1, type: 3}
--- !u!114 &458292409 stripped
MonoBehaviour:
  m_CorrespondingSourceObject: {fileID: 1117496339, guid: a8a4abbc3ed8cd746ba38584428f2c62, type: 3}
  m_PrefabInstance: {fileID: 1619452549}
  m_PrefabAsset: {fileID: 0}
  m_GameObject: {fileID: 0}
  m_Enabled: 1
  m_EditorHideFlags: 0
  m_Script: {fileID: 11500000, guid: 5f7201a12d95ffc409449d95f23cf332, type: 3}
  m_Name: 
  m_EditorClassIdentifier: 
--- !u!1 &480983020 stripped
GameObject:
  m_CorrespondingSourceObject: {fileID: 2566816405561397967, guid: 9f3cd0ddf028fda47874b625f2dbc5fc, type: 3}
  m_PrefabInstance: {fileID: 1338710809}
  m_PrefabAsset: {fileID: 0}
--- !u!4 &480983023 stripped
Transform:
  m_CorrespondingSourceObject: {fileID: 2566816405561397968, guid: 9f3cd0ddf028fda47874b625f2dbc5fc, type: 3}
  m_PrefabInstance: {fileID: 1338710809}
  m_PrefabAsset: {fileID: 0}
--- !u!1 &519420028
GameObject:
  m_ObjectHideFlags: 0
  m_CorrespondingSourceObject: {fileID: 0}
  m_PrefabInstance: {fileID: 0}
  m_PrefabAsset: {fileID: 0}
  serializedVersion: 6
  m_Component:
  - component: {fileID: 519420032}
  - component: {fileID: 519420031}
  - component: {fileID: 519420029}
  - component: {fileID: 519420030}
  m_Layer: 0
  m_Name: Main Camera
  m_TagString: MainCamera
  m_Icon: {fileID: 0}
  m_NavMeshLayer: 0
  m_StaticEditorFlags: 0
  m_IsActive: 1
--- !u!81 &519420029
AudioListener:
  m_ObjectHideFlags: 0
  m_CorrespondingSourceObject: {fileID: 0}
  m_PrefabInstance: {fileID: 0}
  m_PrefabAsset: {fileID: 0}
  m_GameObject: {fileID: 519420028}
  m_Enabled: 1
--- !u!114 &519420030
MonoBehaviour:
  m_ObjectHideFlags: 0
  m_CorrespondingSourceObject: {fileID: 0}
  m_PrefabInstance: {fileID: 0}
  m_PrefabAsset: {fileID: 0}
  m_GameObject: {fileID: 519420028}
  m_Enabled: 1
  m_EditorHideFlags: 0
  m_Script: {fileID: 11500000, guid: 9ca9126ffc2c77c4d93681406a68191f, type: 3}
  m_Name: 
  m_EditorClassIdentifier: 
  player: {fileID: 1374313236}
--- !u!20 &519420031
Camera:
  m_ObjectHideFlags: 0
  m_CorrespondingSourceObject: {fileID: 0}
  m_PrefabInstance: {fileID: 0}
  m_PrefabAsset: {fileID: 0}
  m_GameObject: {fileID: 519420028}
  m_Enabled: 1
  serializedVersion: 2
  m_ClearFlags: 2
  m_BackGroundColor: {r: 0, g: 0, b: 0, a: 0}
  m_projectionMatrixMode: 1
  m_GateFitMode: 2
  m_FOVAxisMode: 0
  m_SensorSize: {x: 36, y: 24}
  m_LensShift: {x: 0, y: 0}
  m_FocalLength: 50
  m_NormalizedViewPortRect:
    serializedVersion: 2
    x: 0
    y: 0
    width: 1
    height: 1
  near clip plane: 0.3
  far clip plane: 1000
  field of view: 60
  orthographic: 1
  orthographic size: 7
  m_Depth: -1
  m_CullingMask:
    serializedVersion: 2
    m_Bits: 4294967295
  m_RenderingPath: -1
  m_TargetTexture: {fileID: 0}
  m_TargetDisplay: 0
  m_TargetEye: 0
  m_HDR: 1
  m_AllowMSAA: 0
  m_AllowDynamicResolution: 0
  m_ForceIntoRT: 0
  m_OcclusionCulling: 0
  m_StereoConvergence: 10
  m_StereoSeparation: 0.022
--- !u!4 &519420032
Transform:
  m_ObjectHideFlags: 0
  m_CorrespondingSourceObject: {fileID: 0}
  m_PrefabInstance: {fileID: 0}
  m_PrefabAsset: {fileID: 0}
  m_GameObject: {fileID: 519420028}
  m_LocalRotation: {x: 0, y: 0, z: 0, w: 1}
  m_LocalPosition: {x: 0, y: 0, z: -10}
  m_LocalScale: {x: 1, y: 1, z: 1}
  m_Children: []
  m_Father: {fileID: 0}
  m_RootOrder: 0
  m_LocalEulerAnglesHint: {x: 0, y: 0, z: 0}
--- !u!1 &654986941 stripped
GameObject:
  m_CorrespondingSourceObject: {fileID: 2566816405561397967, guid: fefadd82a28c1bb4c96f887c23fdc300, type: 3}
  m_PrefabInstance: {fileID: 2107937775}
  m_PrefabAsset: {fileID: 0}
--- !u!4 &654986944 stripped
Transform:
  m_CorrespondingSourceObject: {fileID: 2566816405561397968, guid: fefadd82a28c1bb4c96f887c23fdc300, type: 3}
  m_PrefabInstance: {fileID: 2107937775}
  m_PrefabAsset: {fileID: 0}
--- !u!1001 &827595497
PrefabInstance:
  m_ObjectHideFlags: 0
  serializedVersion: 2
  m_Modification:
    m_TransformParent: {fileID: 0}
    m_Modifications:
    - target: {fileID: 1793398005445749008, guid: 0ff2e7796724a194eaf822c7dad7a300, type: 3}
      propertyPath: m_RootOrder
      value: 4
      objectReference: {fileID: 0}
    - target: {fileID: 1793398005445749008, guid: 0ff2e7796724a194eaf822c7dad7a300, type: 3}
      propertyPath: m_LocalPosition.x
      value: 0.06832569
      objectReference: {fileID: 0}
    - target: {fileID: 1793398005445749008, guid: 0ff2e7796724a194eaf822c7dad7a300, type: 3}
      propertyPath: m_LocalPosition.y
      value: 2.1515443
      objectReference: {fileID: 0}
    - target: {fileID: 1793398005445749008, guid: 0ff2e7796724a194eaf822c7dad7a300, type: 3}
      propertyPath: m_LocalPosition.z
      value: -0.39862692
      objectReference: {fileID: 0}
    - target: {fileID: 1793398005445749008, guid: 0ff2e7796724a194eaf822c7dad7a300, type: 3}
      propertyPath: m_LocalRotation.w
      value: 1
      objectReference: {fileID: 0}
    - target: {fileID: 1793398005445749008, guid: 0ff2e7796724a194eaf822c7dad7a300, type: 3}
      propertyPath: m_LocalRotation.x
      value: 0
      objectReference: {fileID: 0}
    - target: {fileID: 1793398005445749008, guid: 0ff2e7796724a194eaf822c7dad7a300, type: 3}
      propertyPath: m_LocalRotation.y
      value: 0
      objectReference: {fileID: 0}
    - target: {fileID: 1793398005445749008, guid: 0ff2e7796724a194eaf822c7dad7a300, type: 3}
      propertyPath: m_LocalRotation.z
      value: 0
      objectReference: {fileID: 0}
    - target: {fileID: 1793398005445749008, guid: 0ff2e7796724a194eaf822c7dad7a300, type: 3}
      propertyPath: m_LocalEulerAnglesHint.x
      value: 0
      objectReference: {fileID: 0}
    - target: {fileID: 1793398005445749008, guid: 0ff2e7796724a194eaf822c7dad7a300, type: 3}
      propertyPath: m_LocalEulerAnglesHint.y
      value: 0
      objectReference: {fileID: 0}
    - target: {fileID: 1793398005445749008, guid: 0ff2e7796724a194eaf822c7dad7a300, type: 3}
      propertyPath: m_LocalEulerAnglesHint.z
      value: 0
      objectReference: {fileID: 0}
    - target: {fileID: 1793398005445749010, guid: 0ff2e7796724a194eaf822c7dad7a300, type: 3}
      propertyPath: m_Name
      value: GameManager
      objectReference: {fileID: 0}
    m_RemovedComponents: []
  m_SourcePrefab: {fileID: 100100000, guid: 0ff2e7796724a194eaf822c7dad7a300, type: 3}
--- !u!114 &886816995 stripped
MonoBehaviour:
  m_CorrespondingSourceObject: {fileID: 1269261367083580941, guid: a8a4abbc3ed8cd746ba38584428f2c62, type: 3}
  m_PrefabInstance: {fileID: 1619452549}
  m_PrefabAsset: {fileID: 0}
  m_GameObject: {fileID: 0}
  m_Enabled: 1
  m_EditorHideFlags: 0
  m_Script: {fileID: 11500000, guid: 5f7201a12d95ffc409449d95f23cf332, type: 3}
  m_Name: 
  m_EditorClassIdentifier: 
--- !u!4 &984884730 stripped
Transform:
  m_CorrespondingSourceObject: {fileID: 2566816405561397968, guid: f310c185c628a6c4f91ecbc5e97e96c0, type: 3}
  m_PrefabInstance: {fileID: 1869174231}
  m_PrefabAsset: {fileID: 0}
--- !u!1 &1042573794 stripped
GameObject:
  m_CorrespondingSourceObject: {fileID: 3691897931903695942, guid: a8a4abbc3ed8cd746ba38584428f2c62, type: 3}
  m_PrefabInstance: {fileID: 1619452549}
  m_PrefabAsset: {fileID: 0}
--- !u!114 &1042573796 stripped
MonoBehaviour:
  m_CorrespondingSourceObject: {fileID: 4979661912194527413, guid: a8a4abbc3ed8cd746ba38584428f2c62, type: 3}
  m_PrefabInstance: {fileID: 1619452549}
  m_PrefabAsset: {fileID: 0}
  m_GameObject: {fileID: 1042573794}
  m_Enabled: 1
  m_EditorHideFlags: 0
  m_Script: {fileID: 11500000, guid: 4e29b1a8efbd4b44bb3f3716e73f07ff, type: 3}
  m_Name: 
  m_EditorClassIdentifier: 
--- !u!114 &1042573798
MonoBehaviour:
  m_ObjectHideFlags: 0
  m_CorrespondingSourceObject: {fileID: 0}
  m_PrefabInstance: {fileID: 0}
  m_PrefabAsset: {fileID: 0}
  m_GameObject: {fileID: 1042573794}
  m_Enabled: 1
  m_EditorHideFlags: 0
  m_Script: {fileID: 11500000, guid: fe87c0e1cc204ed48ad3b37840f39efc, type: 3}
  m_Name: 
  m_EditorClassIdentifier: 
  m_Material: {fileID: 0}
  m_Color: {r: 1, g: 1, b: 1, a: 0}
  m_RaycastTarget: 1
  m_RaycastPadding: {x: 0, y: 0, z: 0, w: 0}
  m_Maskable: 1
  m_OnCullStateChanged:
    m_PersistentCalls:
      m_Calls: []
  m_Sprite: {fileID: 0}
  m_Type: 0
  m_PreserveAspect: 0
  m_FillCenter: 1
  m_FillMethod: 4
  m_FillAmount: 1
  m_FillClockwise: 1
  m_FillOrigin: 0
  m_UseSpriteMesh: 0
  m_PixelsPerUnitMultiplier: 1
--- !u!1001 &1063332023
PrefabInstance:
  m_ObjectHideFlags: 0
  serializedVersion: 2
  m_Modification:
    m_TransformParent: {fileID: 121845344}
    m_Modifications:
    - target: {fileID: 2566816405561397967, guid: fefadd82a28c1bb4c96f887c23fdc300, type: 3}
      propertyPath: m_Name
      value: MapShop
      objectReference: {fileID: 0}
    - target: {fileID: 2566816405561397967, guid: fefadd82a28c1bb4c96f887c23fdc300, type: 3}
      propertyPath: m_IsActive
      value: 0
      objectReference: {fileID: 0}
    - target: {fileID: 2566816405561397968, guid: fefadd82a28c1bb4c96f887c23fdc300, type: 3}
      propertyPath: m_RootOrder
      value: 1
      objectReference: {fileID: 0}
    - target: {fileID: 2566816405561397968, guid: fefadd82a28c1bb4c96f887c23fdc300, type: 3}
      propertyPath: m_LocalPosition.x
      value: 0
      objectReference: {fileID: 0}
    - target: {fileID: 2566816405561397968, guid: fefadd82a28c1bb4c96f887c23fdc300, type: 3}
      propertyPath: m_LocalPosition.y
      value: 0
      objectReference: {fileID: 0}
    - target: {fileID: 2566816405561397968, guid: fefadd82a28c1bb4c96f887c23fdc300, type: 3}
      propertyPath: m_LocalPosition.z
      value: 0
      objectReference: {fileID: 0}
    - target: {fileID: 2566816405561397968, guid: fefadd82a28c1bb4c96f887c23fdc300, type: 3}
      propertyPath: m_LocalRotation.w
      value: 1
      objectReference: {fileID: 0}
    - target: {fileID: 2566816405561397968, guid: fefadd82a28c1bb4c96f887c23fdc300, type: 3}
      propertyPath: m_LocalRotation.x
      value: 0
      objectReference: {fileID: 0}
    - target: {fileID: 2566816405561397968, guid: fefadd82a28c1bb4c96f887c23fdc300, type: 3}
      propertyPath: m_LocalRotation.y
      value: 0
      objectReference: {fileID: 0}
    - target: {fileID: 2566816405561397968, guid: fefadd82a28c1bb4c96f887c23fdc300, type: 3}
      propertyPath: m_LocalRotation.z
      value: 0
      objectReference: {fileID: 0}
    - target: {fileID: 2566816405561397968, guid: fefadd82a28c1bb4c96f887c23fdc300, type: 3}
      propertyPath: m_LocalEulerAnglesHint.x
      value: 0
      objectReference: {fileID: 0}
    - target: {fileID: 2566816405561397968, guid: fefadd82a28c1bb4c96f887c23fdc300, type: 3}
      propertyPath: m_LocalEulerAnglesHint.y
      value: 0
      objectReference: {fileID: 0}
    - target: {fileID: 2566816405561397968, guid: fefadd82a28c1bb4c96f887c23fdc300, type: 3}
      propertyPath: m_LocalEulerAnglesHint.z
      value: 0
      objectReference: {fileID: 0}
    - target: {fileID: 3454330475604763244, guid: fefadd82a28c1bb4c96f887c23fdc300, type: 3}
      propertyPath: m_IsTrigger
      value: 0
      objectReference: {fileID: 0}
    m_RemovedComponents: []
  m_SourcePrefab: {fileID: 100100000, guid: fefadd82a28c1bb4c96f887c23fdc300, type: 3}
--- !u!114 &1115567221 stripped
MonoBehaviour:
  m_CorrespondingSourceObject: {fileID: 6195423178039528154, guid: a8a4abbc3ed8cd746ba38584428f2c62, type: 3}
  m_PrefabInstance: {fileID: 1619452549}
  m_PrefabAsset: {fileID: 0}
  m_GameObject: {fileID: 0}
  m_Enabled: 1
  m_EditorHideFlags: 0
  m_Script: {fileID: 11500000, guid: 5f7201a12d95ffc409449d95f23cf332, type: 3}
  m_Name: 
  m_EditorClassIdentifier: 
--- !u!114 &1260587676 stripped
MonoBehaviour:
  m_CorrespondingSourceObject: {fileID: 5758887339498513257, guid: a8a4abbc3ed8cd746ba38584428f2c62, type: 3}
  m_PrefabInstance: {fileID: 1619452549}
  m_PrefabAsset: {fileID: 0}
  m_GameObject: {fileID: 0}
  m_Enabled: 1
  m_EditorHideFlags: 0
  m_Script: {fileID: 11500000, guid: 5f7201a12d95ffc409449d95f23cf332, type: 3}
  m_Name: 
  m_EditorClassIdentifier: 
--- !u!1 &1332912593 stripped
GameObject:
  m_CorrespondingSourceObject: {fileID: 1785858914495826853, guid: a8a4abbc3ed8cd746ba38584428f2c62, type: 3}
  m_PrefabInstance: {fileID: 1619452549}
  m_PrefabAsset: {fileID: 0}
--- !u!114 &1335785502 stripped
MonoBehaviour:
  m_CorrespondingSourceObject: {fileID: 81919877602255566, guid: a8a4abbc3ed8cd746ba38584428f2c62, type: 3}
  m_PrefabInstance: {fileID: 1619452549}
  m_PrefabAsset: {fileID: 0}
  m_GameObject: {fileID: 0}
  m_Enabled: 1
  m_EditorHideFlags: 0
  m_Script: {fileID: 11500000, guid: 5f7201a12d95ffc409449d95f23cf332, type: 3}
  m_Name: 
  m_EditorClassIdentifier: 
--- !u!1001 &1338710809
PrefabInstance:
  m_ObjectHideFlags: 0
  serializedVersion: 2
  m_Modification:
    m_TransformParent: {fileID: 121845344}
    m_Modifications:
    - target: {fileID: 2566816405561397967, guid: 9f3cd0ddf028fda47874b625f2dbc5fc, type: 3}
      propertyPath: m_Name
      value: Map 3
      objectReference: {fileID: 0}
    - target: {fileID: 2566816405561397968, guid: 9f3cd0ddf028fda47874b625f2dbc5fc, type: 3}
      propertyPath: m_RootOrder
      value: 4
      objectReference: {fileID: 0}
    - target: {fileID: 2566816405561397968, guid: 9f3cd0ddf028fda47874b625f2dbc5fc, type: 3}
      propertyPath: m_LocalPosition.x
      value: 5.750996
      objectReference: {fileID: 0}
    - target: {fileID: 2566816405561397968, guid: 9f3cd0ddf028fda47874b625f2dbc5fc, type: 3}
      propertyPath: m_LocalPosition.y
      value: 2.017254
      objectReference: {fileID: 0}
    - target: {fileID: 2566816405561397968, guid: 9f3cd0ddf028fda47874b625f2dbc5fc, type: 3}
      propertyPath: m_LocalPosition.z
      value: 2.5437036
      objectReference: {fileID: 0}
    - target: {fileID: 2566816405561397968, guid: 9f3cd0ddf028fda47874b625f2dbc5fc, type: 3}
      propertyPath: m_LocalRotation.w
      value: 1
      objectReference: {fileID: 0}
    - target: {fileID: 2566816405561397968, guid: 9f3cd0ddf028fda47874b625f2dbc5fc, type: 3}
      propertyPath: m_LocalRotation.x
      value: -0
      objectReference: {fileID: 0}
    - target: {fileID: 2566816405561397968, guid: 9f3cd0ddf028fda47874b625f2dbc5fc, type: 3}
      propertyPath: m_LocalRotation.y
      value: -0
      objectReference: {fileID: 0}
    - target: {fileID: 2566816405561397968, guid: 9f3cd0ddf028fda47874b625f2dbc5fc, type: 3}
      propertyPath: m_LocalRotation.z
      value: -0
      objectReference: {fileID: 0}
    - target: {fileID: 2566816405561397968, guid: 9f3cd0ddf028fda47874b625f2dbc5fc, type: 3}
      propertyPath: m_LocalEulerAnglesHint.x
      value: 0
      objectReference: {fileID: 0}
    - target: {fileID: 2566816405561397968, guid: 9f3cd0ddf028fda47874b625f2dbc5fc, type: 3}
      propertyPath: m_LocalEulerAnglesHint.y
      value: 0
      objectReference: {fileID: 0}
    - target: {fileID: 2566816405561397968, guid: 9f3cd0ddf028fda47874b625f2dbc5fc, type: 3}
      propertyPath: m_LocalEulerAnglesHint.z
      value: 0
      objectReference: {fileID: 0}
    - target: {fileID: 3189403789658999258, guid: 9f3cd0ddf028fda47874b625f2dbc5fc, type: 3}
      propertyPath: m_LocalScale.x
      value: 10
      objectReference: {fileID: 0}
    - target: {fileID: 3189403789658999258, guid: 9f3cd0ddf028fda47874b625f2dbc5fc, type: 3}
      propertyPath: m_LocalScale.y
      value: 10
      objectReference: {fileID: 0}
    - target: {fileID: 3189403789658999258, guid: 9f3cd0ddf028fda47874b625f2dbc5fc, type: 3}
      propertyPath: m_LocalScale.z
      value: 0
      objectReference: {fileID: 0}
    - target: {fileID: 3363489672664296670, guid: 9f3cd0ddf028fda47874b625f2dbc5fc, type: 3}
      propertyPath: m_LocalScale.x
      value: 10
      objectReference: {fileID: 0}
    - target: {fileID: 3363489672664296670, guid: 9f3cd0ddf028fda47874b625f2dbc5fc, type: 3}
      propertyPath: m_LocalScale.y
      value: 10
      objectReference: {fileID: 0}
    - target: {fileID: 3363489672664296670, guid: 9f3cd0ddf028fda47874b625f2dbc5fc, type: 3}
      propertyPath: m_LocalScale.z
      value: 0
      objectReference: {fileID: 0}
    - target: {fileID: 4195973149354395111, guid: 9f3cd0ddf028fda47874b625f2dbc5fc, type: 3}
      propertyPath: m_LocalScale.x
      value: 10
      objectReference: {fileID: 0}
    - target: {fileID: 4195973149354395111, guid: 9f3cd0ddf028fda47874b625f2dbc5fc, type: 3}
      propertyPath: m_LocalScale.y
      value: 10
      objectReference: {fileID: 0}
    - target: {fileID: 4195973149354395111, guid: 9f3cd0ddf028fda47874b625f2dbc5fc, type: 3}
      propertyPath: m_LocalScale.z
      value: 0
      objectReference: {fileID: 0}
    - target: {fileID: 8122592798095427317, guid: 9f3cd0ddf028fda47874b625f2dbc5fc, type: 3}
      propertyPath: m_LocalScale.x
      value: 10
      objectReference: {fileID: 0}
    - target: {fileID: 8122592798095427317, guid: 9f3cd0ddf028fda47874b625f2dbc5fc, type: 3}
      propertyPath: m_LocalScale.y
      value: 10
      objectReference: {fileID: 0}
    - target: {fileID: 8122592798095427317, guid: 9f3cd0ddf028fda47874b625f2dbc5fc, type: 3}
      propertyPath: m_LocalScale.z
      value: 0
      objectReference: {fileID: 0}
    m_RemovedComponents: []
  m_SourcePrefab: {fileID: 100100000, guid: 9f3cd0ddf028fda47874b625f2dbc5fc, type: 3}
--- !u!1 &1374313236 stripped
GameObject:
  m_CorrespondingSourceObject: {fileID: 485415177363936850, guid: 3699ca9101cc03346a33e98e2790b9a1, type: 3}
  m_PrefabInstance: {fileID: 450026082}
  m_PrefabAsset: {fileID: 0}
--- !u!114 &1410124474 stripped
MonoBehaviour:
  m_CorrespondingSourceObject: {fileID: 6107943864363231985, guid: a8a4abbc3ed8cd746ba38584428f2c62, type: 3}
  m_PrefabInstance: {fileID: 1619452549}
  m_PrefabAsset: {fileID: 0}
  m_GameObject: {fileID: 0}
  m_Enabled: 1
  m_EditorHideFlags: 0
  m_Script: {fileID: 11500000, guid: fe87c0e1cc204ed48ad3b37840f39efc, type: 3}
  m_Name: 
  m_EditorClassIdentifier: 
--- !u!1001 &1619452549
PrefabInstance:
  m_ObjectHideFlags: 0
  serializedVersion: 2
  m_Modification:
    m_TransformParent: {fileID: 0}
    m_Modifications:
    - target: {fileID: 319988427, guid: a8a4abbc3ed8cd746ba38584428f2c62, type: 3}
      propertyPath: m_IsActive
      value: 0
      objectReference: {fileID: 0}
    - target: {fileID: 1371551323874855707, guid: a8a4abbc3ed8cd746ba38584428f2c62, type: 3}
      propertyPath: m_OnClick.m_PersistentCalls.m_Calls.Array.data[0].m_Mode
      value: 3
      objectReference: {fileID: 0}
    - target: {fileID: 1371551323874855707, guid: a8a4abbc3ed8cd746ba38584428f2c62, type: 3}
      propertyPath: m_OnClick.m_PersistentCalls.m_Calls.Array.data[0].m_Target
      value: 
      objectReference: {fileID: 1619452557}
    - target: {fileID: 1371551323874855707, guid: a8a4abbc3ed8cd746ba38584428f2c62, type: 3}
      propertyPath: m_OnClick.m_PersistentCalls.m_Calls.Array.data[0].m_MethodName
      value: buy
      objectReference: {fileID: 0}
    - target: {fileID: 1371551323874855707, guid: a8a4abbc3ed8cd746ba38584428f2c62, type: 3}
      propertyPath: m_OnClick.m_PersistentCalls.m_Calls.Array.data[0].m_TargetAssemblyTypeName
      value: ShopUIController, Assembly-CSharp
      objectReference: {fileID: 0}
    - target: {fileID: 1371551323874855707, guid: a8a4abbc3ed8cd746ba38584428f2c62, type: 3}
      propertyPath: m_OnClick.m_PersistentCalls.m_Calls.Array.data[0].m_Arguments.m_ObjectArgumentAssemblyTypeName
      value: UnityEngine.Object, UnityEngine
      objectReference: {fileID: 0}
    - target: {fileID: 1785858914495826852, guid: a8a4abbc3ed8cd746ba38584428f2c62, type: 3}
      propertyPath: m_AnchorMax.x
      value: 0
      objectReference: {fileID: 0}
    - target: {fileID: 1785858914495826852, guid: a8a4abbc3ed8cd746ba38584428f2c62, type: 3}
      propertyPath: m_AnchorMax.y
      value: 0
      objectReference: {fileID: 0}
    - target: {fileID: 4979661912194527413, guid: a8a4abbc3ed8cd746ba38584428f2c62, type: 3}
      propertyPath: m_OnClick.m_PersistentCalls.m_Calls.Array.data[0].m_Mode
      value: 3
      objectReference: {fileID: 0}
    - target: {fileID: 4979661912194527413, guid: a8a4abbc3ed8cd746ba38584428f2c62, type: 3}
      propertyPath: m_OnClick.m_PersistentCalls.m_Calls.Array.data[0].m_Target
      value: 
      objectReference: {fileID: 1619452557}
    - target: {fileID: 4979661912194527413, guid: a8a4abbc3ed8cd746ba38584428f2c62, type: 3}
      propertyPath: m_OnClick.m_PersistentCalls.m_Calls.Array.data[0].m_MethodName
      value: buy
      objectReference: {fileID: 0}
    - target: {fileID: 4979661912194527413, guid: a8a4abbc3ed8cd746ba38584428f2c62, type: 3}
      propertyPath: m_OnClick.m_PersistentCalls.m_Calls.Array.data[0].m_TargetAssemblyTypeName
      value: ShopUIController, Assembly-CSharp
      objectReference: {fileID: 0}
    - target: {fileID: 4979661912194527413, guid: a8a4abbc3ed8cd746ba38584428f2c62, type: 3}
      propertyPath: m_OnClick.m_PersistentCalls.m_Calls.Array.data[0].m_Arguments.m_IntArgument
      value: 2
      objectReference: {fileID: 0}
    - target: {fileID: 4979661912194527413, guid: a8a4abbc3ed8cd746ba38584428f2c62, type: 3}
      propertyPath: m_OnClick.m_PersistentCalls.m_Calls.Array.data[0].m_Arguments.m_ObjectArgumentAssemblyTypeName
      value: UnityEngine.Object, UnityEngine
      objectReference: {fileID: 0}
    - target: {fileID: 6195423179010020650, guid: a8a4abbc3ed8cd746ba38584428f2c62, type: 3}
      propertyPath: m_Pivot.x
      value: 0
      objectReference: {fileID: 0}
    - target: {fileID: 6195423179010020650, guid: a8a4abbc3ed8cd746ba38584428f2c62, type: 3}
      propertyPath: m_Pivot.y
      value: 0
      objectReference: {fileID: 0}
    - target: {fileID: 6195423179010020650, guid: a8a4abbc3ed8cd746ba38584428f2c62, type: 3}
      propertyPath: m_RootOrder
      value: 5
      objectReference: {fileID: 0}
    - target: {fileID: 6195423179010020650, guid: a8a4abbc3ed8cd746ba38584428f2c62, type: 3}
      propertyPath: m_AnchorMax.x
      value: 0
      objectReference: {fileID: 0}
    - target: {fileID: 6195423179010020650, guid: a8a4abbc3ed8cd746ba38584428f2c62, type: 3}
      propertyPath: m_AnchorMax.y
      value: 0
      objectReference: {fileID: 0}
    - target: {fileID: 6195423179010020650, guid: a8a4abbc3ed8cd746ba38584428f2c62, type: 3}
      propertyPath: m_AnchorMin.x
      value: 0
      objectReference: {fileID: 0}
    - target: {fileID: 6195423179010020650, guid: a8a4abbc3ed8cd746ba38584428f2c62, type: 3}
      propertyPath: m_AnchorMin.y
      value: 0
      objectReference: {fileID: 0}
    - target: {fileID: 6195423179010020650, guid: a8a4abbc3ed8cd746ba38584428f2c62, type: 3}
      propertyPath: m_SizeDelta.x
      value: 0
      objectReference: {fileID: 0}
    - target: {fileID: 6195423179010020650, guid: a8a4abbc3ed8cd746ba38584428f2c62, type: 3}
      propertyPath: m_SizeDelta.y
      value: 0
      objectReference: {fileID: 0}
    - target: {fileID: 6195423179010020650, guid: a8a4abbc3ed8cd746ba38584428f2c62, type: 3}
      propertyPath: m_LocalPosition.x
      value: 0
      objectReference: {fileID: 0}
    - target: {fileID: 6195423179010020650, guid: a8a4abbc3ed8cd746ba38584428f2c62, type: 3}
      propertyPath: m_LocalPosition.y
      value: 0
      objectReference: {fileID: 0}
    - target: {fileID: 6195423179010020650, guid: a8a4abbc3ed8cd746ba38584428f2c62, type: 3}
      propertyPath: m_LocalPosition.z
      value: 0
      objectReference: {fileID: 0}
    - target: {fileID: 6195423179010020650, guid: a8a4abbc3ed8cd746ba38584428f2c62, type: 3}
      propertyPath: m_LocalRotation.w
      value: 1
      objectReference: {fileID: 0}
    - target: {fileID: 6195423179010020650, guid: a8a4abbc3ed8cd746ba38584428f2c62, type: 3}
      propertyPath: m_LocalRotation.x
      value: 0
      objectReference: {fileID: 0}
    - target: {fileID: 6195423179010020650, guid: a8a4abbc3ed8cd746ba38584428f2c62, type: 3}
      propertyPath: m_LocalRotation.y
      value: 0
      objectReference: {fileID: 0}
    - target: {fileID: 6195423179010020650, guid: a8a4abbc3ed8cd746ba38584428f2c62, type: 3}
      propertyPath: m_LocalRotation.z
      value: 0
      objectReference: {fileID: 0}
    - target: {fileID: 6195423179010020650, guid: a8a4abbc3ed8cd746ba38584428f2c62, type: 3}
      propertyPath: m_AnchoredPosition.x
      value: 0
      objectReference: {fileID: 0}
    - target: {fileID: 6195423179010020650, guid: a8a4abbc3ed8cd746ba38584428f2c62, type: 3}
      propertyPath: m_AnchoredPosition.y
      value: 0
      objectReference: {fileID: 0}
    - target: {fileID: 6195423179010020650, guid: a8a4abbc3ed8cd746ba38584428f2c62, type: 3}
      propertyPath: m_LocalEulerAnglesHint.x
      value: 0
      objectReference: {fileID: 0}
    - target: {fileID: 6195423179010020650, guid: a8a4abbc3ed8cd746ba38584428f2c62, type: 3}
      propertyPath: m_LocalEulerAnglesHint.y
      value: 0
      objectReference: {fileID: 0}
    - target: {fileID: 6195423179010020650, guid: a8a4abbc3ed8cd746ba38584428f2c62, type: 3}
      propertyPath: m_LocalEulerAnglesHint.z
      value: 0
      objectReference: {fileID: 0}
    - target: {fileID: 6195423179010020654, guid: a8a4abbc3ed8cd746ba38584428f2c62, type: 3}
      propertyPath: m_Name
      value: UICanvas
      objectReference: {fileID: 0}
    - target: {fileID: 8001596729954100518, guid: a8a4abbc3ed8cd746ba38584428f2c62, type: 3}
      propertyPath: m_OnClick.m_PersistentCalls.m_Calls.Array.data[0].m_Mode
      value: 3
      objectReference: {fileID: 0}
    - target: {fileID: 8001596729954100518, guid: a8a4abbc3ed8cd746ba38584428f2c62, type: 3}
      propertyPath: m_OnClick.m_PersistentCalls.m_Calls.Array.data[0].m_Target
      value: 
      objectReference: {fileID: 1619452557}
    - target: {fileID: 8001596729954100518, guid: a8a4abbc3ed8cd746ba38584428f2c62, type: 3}
      propertyPath: m_OnClick.m_PersistentCalls.m_Calls.Array.data[0].m_MethodName
      value: buy
      objectReference: {fileID: 0}
    - target: {fileID: 8001596729954100518, guid: a8a4abbc3ed8cd746ba38584428f2c62, type: 3}
      propertyPath: m_OnClick.m_PersistentCalls.m_Calls.Array.data[0].m_TargetAssemblyTypeName
      value: ShopUIController, Assembly-CSharp
      objectReference: {fileID: 0}
    - target: {fileID: 8001596729954100518, guid: a8a4abbc3ed8cd746ba38584428f2c62, type: 3}
      propertyPath: m_OnClick.m_PersistentCalls.m_Calls.Array.data[0].m_Arguments.m_IntArgument
      value: 1
      objectReference: {fileID: 0}
    - target: {fileID: 8001596729954100518, guid: a8a4abbc3ed8cd746ba38584428f2c62, type: 3}
      propertyPath: m_OnClick.m_PersistentCalls.m_Calls.Array.data[0].m_Arguments.m_ObjectArgumentAssemblyTypeName
      value: UnityEngine.Object, UnityEngine
      objectReference: {fileID: 0}
    m_RemovedComponents:
    - {fileID: 6195423178039528155, guid: a8a4abbc3ed8cd746ba38584428f2c62, type: 3}
    - {fileID: 23756068, guid: a8a4abbc3ed8cd746ba38584428f2c62, type: 3}
    - {fileID: 3606106196840200405, guid: a8a4abbc3ed8cd746ba38584428f2c62, type: 3}
    - {fileID: 1117496340, guid: a8a4abbc3ed8cd746ba38584428f2c62, type: 3}
  m_SourcePrefab: {fileID: 100100000, guid: a8a4abbc3ed8cd746ba38584428f2c62, type: 3}
--- !u!1 &1619452550 stripped
GameObject:
  m_CorrespondingSourceObject: {fileID: 319988427, guid: a8a4abbc3ed8cd746ba38584428f2c62, type: 3}
  m_PrefabInstance: {fileID: 1619452549}
  m_PrefabAsset: {fileID: 0}
--- !u!114 &1619452552 stripped
MonoBehaviour:
  m_CorrespondingSourceObject: {fileID: 1785858915578775145, guid: a8a4abbc3ed8cd746ba38584428f2c62, type: 3}
  m_PrefabInstance: {fileID: 1619452549}
  m_PrefabAsset: {fileID: 0}
  m_GameObject: {fileID: 0}
  m_Enabled: 1
  m_EditorHideFlags: 0
  m_Script: {fileID: 11500000, guid: 67db9e8f0e2ae9c40bc1e2b64352a6b4, type: 3}
  m_Name: 
  m_EditorClassIdentifier: 
--- !u!114 &1619452557
MonoBehaviour:
  m_ObjectHideFlags: 0
  m_CorrespondingSourceObject: {fileID: 0}
  m_PrefabInstance: {fileID: 0}
  m_PrefabAsset: {fileID: 0}
  m_GameObject: {fileID: 1619452550}
  m_Enabled: 1
  m_EditorHideFlags: 0
  m_Script: {fileID: 11500000, guid: cf5dcc4bc86746a419b253e9de99c864, type: 3}
  m_Name: 
  m_EditorClassIdentifier: 
  Items:
  - InfoItem: {fileID: 11400000, guid: cad170c969d05ac488066d036ae08f46, type: 2}
    TextNameItem: {fileID: 886816995}
    TextDescriptionItem: {fileID: 1956650368}
    TextCostItem: {fileID: 1933243243}
    ButtonBuyItem: {fileID: 415683352}
  - InfoItem: {fileID: 11400000, guid: edc0d40202bc4414bbab19957ae64a5c, type: 2}
    TextNameItem: {fileID: 343822380}
    TextDescriptionItem: {fileID: 2090862868}
    TextCostItem: {fileID: 2138766171}
    ButtonBuyItem: {fileID: 176632842}
  - InfoItem: {fileID: 11400000, guid: de8e6bd05d3fc2649a03c2a3406090bc, type: 2}
    TextNameItem: {fileID: 121673083}
    TextDescriptionItem: {fileID: 1335785502}
    TextCostItem: {fileID: 1260587676}
    ButtonBuyItem: {fileID: 1042573796}
  level: 0
--- !u!1 &1781265589
GameObject:
  m_ObjectHideFlags: 0
  m_CorrespondingSourceObject: {fileID: 0}
  m_PrefabInstance: {fileID: 0}
  m_PrefabAsset: {fileID: 0}
  serializedVersion: 6
  m_Component:
  - component: {fileID: 1781265592}
  - component: {fileID: 1781265591}
  - component: {fileID: 1781265590}
  m_Layer: 0
  m_Name: EventSystem
  m_TagString: Untagged
  m_Icon: {fileID: 0}
  m_NavMeshLayer: 0
  m_StaticEditorFlags: 0
  m_IsActive: 1
--- !u!114 &1781265590
MonoBehaviour:
  m_ObjectHideFlags: 0
  m_CorrespondingSourceObject: {fileID: 0}
  m_PrefabInstance: {fileID: 0}
  m_PrefabAsset: {fileID: 0}
  m_GameObject: {fileID: 1781265589}
  m_Enabled: 1
  m_EditorHideFlags: 0
  m_Script: {fileID: 11500000, guid: 4f231c4fb786f3946a6b90b886c48677, type: 3}
  m_Name: 
  m_EditorClassIdentifier: 
  m_HorizontalAxis: Horizontal
  m_VerticalAxis: Vertical
  m_SubmitButton: Submit
  m_CancelButton: Cancel
  m_InputActionsPerSecond: 10
  m_RepeatDelay: 0.5
  m_ForceModuleActive: 0
--- !u!114 &1781265591
MonoBehaviour:
  m_ObjectHideFlags: 0
  m_CorrespondingSourceObject: {fileID: 0}
  m_PrefabInstance: {fileID: 0}
  m_PrefabAsset: {fileID: 0}
  m_GameObject: {fileID: 1781265589}
  m_Enabled: 1
  m_EditorHideFlags: 0
  m_Script: {fileID: 11500000, guid: 76c392e42b5098c458856cdf6ecaaaa1, type: 3}
  m_Name: 
  m_EditorClassIdentifier: 
  m_FirstSelected: {fileID: 0}
  m_sendNavigationEvents: 1
  m_DragThreshold: 10
--- !u!4 &1781265592
Transform:
  m_ObjectHideFlags: 0
  m_CorrespondingSourceObject: {fileID: 0}
  m_PrefabInstance: {fileID: 0}
  m_PrefabAsset: {fileID: 0}
  m_GameObject: {fileID: 1781265589}
  m_LocalRotation: {x: 0, y: 0, z: 0, w: 1}
  m_LocalPosition: {x: 0, y: 0, z: 0}
  m_LocalScale: {x: 1, y: 1, z: 1}
  m_Children: []
  m_Father: {fileID: 0}
  m_RootOrder: 2
  m_LocalEulerAnglesHint: {x: 0, y: 0, z: 0}
--- !u!114 &1840813449 stripped
MonoBehaviour:
  m_CorrespondingSourceObject: {fileID: 23756069, guid: a8a4abbc3ed8cd746ba38584428f2c62, type: 3}
  m_PrefabInstance: {fileID: 1619452549}
  m_PrefabAsset: {fileID: 0}
  m_GameObject: {fileID: 0}
  m_Enabled: 1
  m_EditorHideFlags: 0
  m_Script: {fileID: 11500000, guid: 5f7201a12d95ffc409449d95f23cf332, type: 3}
  m_Name: 
  m_EditorClassIdentifier: 
--- !u!1001 &1869174231
PrefabInstance:
  m_ObjectHideFlags: 0
  serializedVersion: 2
  m_Modification:
    m_TransformParent: {fileID: 121845344}
    m_Modifications:
    - target: {fileID: 2261705109075566464, guid: f310c185c628a6c4f91ecbc5e97e96c0, type: 3}
      propertyPath: m_LocalScale.x
      value: 10
      objectReference: {fileID: 0}
    - target: {fileID: 2261705109075566464, guid: f310c185c628a6c4f91ecbc5e97e96c0, type: 3}
      propertyPath: m_LocalScale.y
      value: 10
      objectReference: {fileID: 0}
    - target: {fileID: 2261705109075566464, guid: f310c185c628a6c4f91ecbc5e97e96c0, type: 3}
      propertyPath: m_LocalScale.z
      value: 10
      objectReference: {fileID: 0}
    - target: {fileID: 2566816405561397967, guid: f310c185c628a6c4f91ecbc5e97e96c0, type: 3}
      propertyPath: m_Name
      value: Map 2
      objectReference: {fileID: 0}
    - target: {fileID: 2566816405561397967, guid: f310c185c628a6c4f91ecbc5e97e96c0, type: 3}
      propertyPath: m_IsActive
      value: 0
      objectReference: {fileID: 0}
    - target: {fileID: 2566816405561397968, guid: f310c185c628a6c4f91ecbc5e97e96c0, type: 3}
      propertyPath: m_RootOrder
      value: 2
      objectReference: {fileID: 0}
    - target: {fileID: 2566816405561397968, guid: f310c185c628a6c4f91ecbc5e97e96c0, type: 3}
      propertyPath: m_LocalPosition.x
      value: 5.750996
      objectReference: {fileID: 0}
    - target: {fileID: 2566816405561397968, guid: f310c185c628a6c4f91ecbc5e97e96c0, type: 3}
      propertyPath: m_LocalPosition.y
      value: 2.017254
      objectReference: {fileID: 0}
    - target: {fileID: 2566816405561397968, guid: f310c185c628a6c4f91ecbc5e97e96c0, type: 3}
      propertyPath: m_LocalPosition.z
      value: 2.5437036
      objectReference: {fileID: 0}
    - target: {fileID: 2566816405561397968, guid: f310c185c628a6c4f91ecbc5e97e96c0, type: 3}
      propertyPath: m_LocalRotation.w
      value: 1
      objectReference: {fileID: 0}
    - target: {fileID: 2566816405561397968, guid: f310c185c628a6c4f91ecbc5e97e96c0, type: 3}
      propertyPath: m_LocalRotation.x
      value: -0
      objectReference: {fileID: 0}
    - target: {fileID: 2566816405561397968, guid: f310c185c628a6c4f91ecbc5e97e96c0, type: 3}
      propertyPath: m_LocalRotation.y
      value: -0
      objectReference: {fileID: 0}
    - target: {fileID: 2566816405561397968, guid: f310c185c628a6c4f91ecbc5e97e96c0, type: 3}
      propertyPath: m_LocalRotation.z
      value: -0
      objectReference: {fileID: 0}
    - target: {fileID: 2566816405561397968, guid: f310c185c628a6c4f91ecbc5e97e96c0, type: 3}
      propertyPath: m_LocalEulerAnglesHint.x
      value: 0
      objectReference: {fileID: 0}
    - target: {fileID: 2566816405561397968, guid: f310c185c628a6c4f91ecbc5e97e96c0, type: 3}
      propertyPath: m_LocalEulerAnglesHint.y
      value: 0
      objectReference: {fileID: 0}
    - target: {fileID: 2566816405561397968, guid: f310c185c628a6c4f91ecbc5e97e96c0, type: 3}
      propertyPath: m_LocalEulerAnglesHint.z
      value: 0
      objectReference: {fileID: 0}
    - target: {fileID: 6594578548244458517, guid: f310c185c628a6c4f91ecbc5e97e96c0, type: 3}
      propertyPath: m_LocalScale.x
      value: 10
      objectReference: {fileID: 0}
    - target: {fileID: 6594578548244458517, guid: f310c185c628a6c4f91ecbc5e97e96c0, type: 3}
      propertyPath: m_LocalScale.y
      value: 10
      objectReference: {fileID: 0}
    - target: {fileID: 6594578548244458517, guid: f310c185c628a6c4f91ecbc5e97e96c0, type: 3}
      propertyPath: m_LocalScale.z
      value: 0
      objectReference: {fileID: 0}
    m_RemovedComponents: []
  m_SourcePrefab: {fileID: 100100000, guid: f310c185c628a6c4f91ecbc5e97e96c0, type: 3}
--- !u!114 &1933243243 stripped
MonoBehaviour:
  m_CorrespondingSourceObject: {fileID: 3889955545924349435, guid: a8a4abbc3ed8cd746ba38584428f2c62, type: 3}
  m_PrefabInstance: {fileID: 1619452549}
  m_PrefabAsset: {fileID: 0}
  m_GameObject: {fileID: 0}
  m_Enabled: 1
  m_EditorHideFlags: 0
  m_Script: {fileID: 11500000, guid: 5f7201a12d95ffc409449d95f23cf332, type: 3}
  m_Name: 
  m_EditorClassIdentifier: 
--- !u!114 &1956650368 stripped
MonoBehaviour:
  m_CorrespondingSourceObject: {fileID: 4803620303086620302, guid: a8a4abbc3ed8cd746ba38584428f2c62, type: 3}
  m_PrefabInstance: {fileID: 1619452549}
  m_PrefabAsset: {fileID: 0}
  m_GameObject: {fileID: 0}
  m_Enabled: 1
  m_EditorHideFlags: 0
  m_Script: {fileID: 11500000, guid: 5f7201a12d95ffc409449d95f23cf332, type: 3}
  m_Name: 
  m_EditorClassIdentifier: 
--- !u!1001 &1999993779
PrefabInstance:
  m_ObjectHideFlags: 0
  serializedVersion: 2
  m_Modification:
    m_TransformParent: {fileID: 121845344}
    m_Modifications:
    - target: {fileID: 2566816405561397967, guid: 143ce63bcc8227840b107d3416797f52, type: 3}
      propertyPath: m_Name
      value: Map 1
      objectReference: {fileID: 0}
    - target: {fileID: 2566816405561397968, guid: 143ce63bcc8227840b107d3416797f52, type: 3}
      propertyPath: m_RootOrder
      value: 0
      objectReference: {fileID: 0}
    - target: {fileID: 2566816405561397968, guid: 143ce63bcc8227840b107d3416797f52, type: 3}
      propertyPath: m_LocalPosition.x
      value: 0
      objectReference: {fileID: 0}
    - target: {fileID: 2566816405561397968, guid: 143ce63bcc8227840b107d3416797f52, type: 3}
      propertyPath: m_LocalPosition.y
      value: 0
      objectReference: {fileID: 0}
    - target: {fileID: 2566816405561397968, guid: 143ce63bcc8227840b107d3416797f52, type: 3}
      propertyPath: m_LocalPosition.z
      value: 0
      objectReference: {fileID: 0}
    - target: {fileID: 2566816405561397968, guid: 143ce63bcc8227840b107d3416797f52, type: 3}
      propertyPath: m_LocalRotation.w
      value: 1
      objectReference: {fileID: 0}
    - target: {fileID: 2566816405561397968, guid: 143ce63bcc8227840b107d3416797f52, type: 3}
      propertyPath: m_LocalRotation.x
      value: -0
      objectReference: {fileID: 0}
    - target: {fileID: 2566816405561397968, guid: 143ce63bcc8227840b107d3416797f52, type: 3}
      propertyPath: m_LocalRotation.y
      value: -0
      objectReference: {fileID: 0}
    - target: {fileID: 2566816405561397968, guid: 143ce63bcc8227840b107d3416797f52, type: 3}
      propertyPath: m_LocalRotation.z
      value: -0
      objectReference: {fileID: 0}
    - target: {fileID: 2566816405561397968, guid: 143ce63bcc8227840b107d3416797f52, type: 3}
      propertyPath: m_LocalEulerAnglesHint.x
      value: 0
      objectReference: {fileID: 0}
    - target: {fileID: 2566816405561397968, guid: 143ce63bcc8227840b107d3416797f52, type: 3}
      propertyPath: m_LocalEulerAnglesHint.y
      value: 0
      objectReference: {fileID: 0}
    - target: {fileID: 2566816405561397968, guid: 143ce63bcc8227840b107d3416797f52, type: 3}
      propertyPath: m_LocalEulerAnglesHint.z
      value: 0
      objectReference: {fileID: 0}
    m_RemovedComponents: []
  m_SourcePrefab: {fileID: 100100000, guid: 143ce63bcc8227840b107d3416797f52, type: 3}
--- !u!1 &2054916125 stripped
GameObject:
  m_CorrespondingSourceObject: {fileID: 6195423179010020654, guid: a8a4abbc3ed8cd746ba38584428f2c62, type: 3}
  m_PrefabInstance: {fileID: 1619452549}
  m_PrefabAsset: {fileID: 0}
--- !u!114 &2054916126
MonoBehaviour:
  m_ObjectHideFlags: 0
  m_CorrespondingSourceObject: {fileID: 0}
  m_PrefabInstance: {fileID: 0}
  m_PrefabAsset: {fileID: 0}
  m_GameObject: {fileID: 2054916125}
  m_Enabled: 1
  m_EditorHideFlags: 0
  m_Script: {fileID: 11500000, guid: f31ba12b010d7fb4ab3d01df324e5780, type: 3}
  m_Name: 
  m_EditorClassIdentifier: 
  score: {fileID: 1115567221}
  ammo: {fileID: 458292409}
  goldText: {fileID: 1840813449}
  weaponImage: {fileID: 1410124474}
--- !u!114 &2090862868 stripped
MonoBehaviour:
  m_CorrespondingSourceObject: {fileID: 4081964390472505642, guid: a8a4abbc3ed8cd746ba38584428f2c62, type: 3}
  m_PrefabInstance: {fileID: 1619452549}
  m_PrefabAsset: {fileID: 0}
  m_GameObject: {fileID: 0}
  m_Enabled: 1
  m_EditorHideFlags: 0
  m_Script: {fileID: 11500000, guid: 5f7201a12d95ffc409449d95f23cf332, type: 3}
  m_Name: 
  m_EditorClassIdentifier: 
--- !u!1001 &2107937775
PrefabInstance:
  m_ObjectHideFlags: 0
  serializedVersion: 2
  m_Modification:
    m_TransformParent: {fileID: 121845344}
    m_Modifications:
    - target: {fileID: 2566816405561397967, guid: fefadd82a28c1bb4c96f887c23fdc300, type: 3}
      propertyPath: m_Name
      value: MapShop (1)
      objectReference: {fileID: 0}
    - target: {fileID: 2566816405561397968, guid: fefadd82a28c1bb4c96f887c23fdc300, type: 3}
      propertyPath: m_RootOrder
      value: 3
      objectReference: {fileID: 0}
    - target: {fileID: 2566816405561397968, guid: fefadd82a28c1bb4c96f887c23fdc300, type: 3}
      propertyPath: m_LocalPosition.x
      value: 0.0204
      objectReference: {fileID: 0}
    - target: {fileID: 2566816405561397968, guid: fefadd82a28c1bb4c96f887c23fdc300, type: 3}
      propertyPath: m_LocalPosition.y
      value: -0.0567
      objectReference: {fileID: 0}
    - target: {fileID: 2566816405561397968, guid: fefadd82a28c1bb4c96f887c23fdc300, type: 3}
      propertyPath: m_LocalPosition.z
      value: 0
      objectReference: {fileID: 0}
    - target: {fileID: 2566816405561397968, guid: fefadd82a28c1bb4c96f887c23fdc300, type: 3}
      propertyPath: m_LocalRotation.w
      value: 1
      objectReference: {fileID: 0}
    - target: {fileID: 2566816405561397968, guid: fefadd82a28c1bb4c96f887c23fdc300, type: 3}
      propertyPath: m_LocalRotation.x
      value: 0
      objectReference: {fileID: 0}
    - target: {fileID: 2566816405561397968, guid: fefadd82a28c1bb4c96f887c23fdc300, type: 3}
      propertyPath: m_LocalRotation.y
      value: 0
      objectReference: {fileID: 0}
    - target: {fileID: 2566816405561397968, guid: fefadd82a28c1bb4c96f887c23fdc300, type: 3}
      propertyPath: m_LocalRotation.z
      value: 0
      objectReference: {fileID: 0}
    - target: {fileID: 2566816405561397968, guid: fefadd82a28c1bb4c96f887c23fdc300, type: 3}
      propertyPath: m_LocalEulerAnglesHint.x
      value: 0
      objectReference: {fileID: 0}
    - target: {fileID: 2566816405561397968, guid: fefadd82a28c1bb4c96f887c23fdc300, type: 3}
      propertyPath: m_LocalEulerAnglesHint.y
      value: 0
      objectReference: {fileID: 0}
    - target: {fileID: 2566816405561397968, guid: fefadd82a28c1bb4c96f887c23fdc300, type: 3}
      propertyPath: m_LocalEulerAnglesHint.z
      value: 0
      objectReference: {fileID: 0}
    m_RemovedComponents: []
  m_SourcePrefab: {fileID: 100100000, guid: fefadd82a28c1bb4c96f887c23fdc300, type: 3}
--- !u!114 &2138766171 stripped
MonoBehaviour:
  m_CorrespondingSourceObject: {fileID: 3552116581329078716, guid: a8a4abbc3ed8cd746ba38584428f2c62, type: 3}
  m_PrefabInstance: {fileID: 1619452549}
  m_PrefabAsset: {fileID: 0}
  m_GameObject: {fileID: 0}
  m_Enabled: 1
  m_EditorHideFlags: 0
  m_Script: {fileID: 11500000, guid: 5f7201a12d95ffc409449d95f23cf332, type: 3}
  m_Name: 
  m_EditorClassIdentifier: 
--- !u!1001 &7204144606673438530
PrefabInstance:
  m_ObjectHideFlags: 0
  serializedVersion: 2
  m_Modification:
    m_TransformParent: {fileID: 0}
    m_Modifications:
    - target: {fileID: 9072955818001598410, guid: e70553ff850fe3e488a4447b4087fcfe, type: 3}
      propertyPath: m_Name
      value: ParticleMunition
      objectReference: {fileID: 0}
    - target: {fileID: 9072955818001598415, guid: e70553ff850fe3e488a4447b4087fcfe, type: 3}
      propertyPath: m_RootOrder
      value: 6
      objectReference: {fileID: 0}
    - target: {fileID: 9072955818001598415, guid: e70553ff850fe3e488a4447b4087fcfe, type: 3}
      propertyPath: m_LocalPosition.x
      value: 0
      objectReference: {fileID: 0}
    - target: {fileID: 9072955818001598415, guid: e70553ff850fe3e488a4447b4087fcfe, type: 3}
      propertyPath: m_LocalPosition.y
      value: 0
      objectReference: {fileID: 0}
    - target: {fileID: 9072955818001598415, guid: e70553ff850fe3e488a4447b4087fcfe, type: 3}
      propertyPath: m_LocalPosition.z
      value: 0
      objectReference: {fileID: 0}
    - target: {fileID: 9072955818001598415, guid: e70553ff850fe3e488a4447b4087fcfe, type: 3}
      propertyPath: m_LocalRotation.w
      value: 1
      objectReference: {fileID: 0}
    - target: {fileID: 9072955818001598415, guid: e70553ff850fe3e488a4447b4087fcfe, type: 3}
      propertyPath: m_LocalRotation.x
      value: 0
      objectReference: {fileID: 0}
    - target: {fileID: 9072955818001598415, guid: e70553ff850fe3e488a4447b4087fcfe, type: 3}
      propertyPath: m_LocalRotation.y
      value: 0
      objectReference: {fileID: 0}
    - target: {fileID: 9072955818001598415, guid: e70553ff850fe3e488a4447b4087fcfe, type: 3}
      propertyPath: m_LocalRotation.z
      value: 0
      objectReference: {fileID: 0}
    - target: {fileID: 9072955818001598415, guid: e70553ff850fe3e488a4447b4087fcfe, type: 3}
      propertyPath: m_LocalEulerAnglesHint.x
      value: 0
      objectReference: {fileID: 0}
    - target: {fileID: 9072955818001598415, guid: e70553ff850fe3e488a4447b4087fcfe, type: 3}
      propertyPath: m_LocalEulerAnglesHint.y
      value: 0
      objectReference: {fileID: 0}
    - target: {fileID: 9072955818001598415, guid: e70553ff850fe3e488a4447b4087fcfe, type: 3}
      propertyPath: m_LocalEulerAnglesHint.z
      value: 0
      objectReference: {fileID: 0}
    m_RemovedComponents: []
  m_SourcePrefab: {fileID: 100100000, guid: e70553ff850fe3e488a4447b4087fcfe, type: 3}
